<?xml version="1.0" encoding="UTF-8"?><collection xmlns="http://www.loc.gov/MARC21/slim"><record><leader>00362nam--2200133-i-4500</leader><controlfield tag="001">000013044</controlfield><controlfield tag="002">20161230</controlfield><controlfield tag="005">20161230201030</controlfield><controlfield tag="008">060222s1000------------r-----000-0-eng-d</controlfield><datafield ind1=" " ind2=" " tag="080"><subfield code="a">514.763.760:530.1</subfield></datafield><datafield ind1=" " ind2=" " tag="100"><subfield code="a">Battelle, Poston And Stewart, Ian</subfield></datafield><datafield ind1=" " ind2=" " tag="245"><subfield code="a">Catastrophe theory and its applications</subfield></datafield><datafield ind1=" " ind2=" " tag="260"><subfield code="a">London, Pitman, 1978 Xviii + 489 P</subfield></datafield><datafield ind1=" " ind2=" " tag="852"><subfield code="a">47078</subfield></datafield></record></collection>